@inproceedings{yeh2016flattened,
  title={Flattened Data in Convolutional Neural Networks: Using Malware Detection as Case Study},
  author={Yeh, Chih-Wei and Yeh, Wan-Ting and Hung, Shih-Hao and Lin, Chih-Ta},
  booktitle={Proceedings of the International Conference on Research in Adaptive and Convergent Systems},
  pages={130--135},
  year={2016},
  organization={ACM}
}

@misc{intel_ocl_spm,
    author    = "Adam Lake (Intel)",
    title     = "Getting the Most from OpenCL™ 1.2: How to Increase Performance by Minimizing Buffer Copies on Intel® Processor Graphics",
    howpublished = "\url{https://software.intel.com/en-us/articles/getting-the-most-from-opencl-12-how-to-increase-performance-by-minimizing-buffer-copies-on-intel-processor-graphics}",
    year     = "2014",
    month    = "09",
}
